@techreport{amos2016openface,
  title={OpenFace: A general-purpose face recognition
    library with mobile applications},
  author={Amos, Brandon and Bartosz Ludwiczuk and Satyanarayanan, Mahadev},
  year={2016},
  institution={CMU-CS-16-118, CMU School of Computer Science},
}

@inproceedings{chopra2005learning,
  title={Learning a similarity metric discriminatively, with application to face verification},
  author={Chopra, Sumit and Hadsell, Raia and LeCun, Yann and others},
  booktitle={CVPR (1)},
  pages={539--546},
  year={2005}
}

@inproceedings{szegedy2015going,
  title={Going deeper with convolutions},
  author={Szegedy, Christian and Liu, Wei and Jia, Yangqing and Sermanet, Pierre and Reed, Scott and Anguelov, Dragomir and Erhan, Dumitru and Vanhoucke, Vincent and Rabinovich, Andrew},
  booktitle={Proceedings of the IEEE conference on computer vision and pattern recognition},
  pages={1--9},
  year={2015}
}

@inproceedings{he2016deep,
  title={Deep residual learning for image recognition},
  author={He, Kaiming and Zhang, Xiangyu and Ren, Shaoqing and Sun, Jian},
  booktitle={IEEE conference on computer vision and pattern recognition},
  pages={770--778},
  year={2016}
}

@article{aloise2009np,
	title={{NP}-hardness of {E}uclidean sum-of-squares clustering},
	author={Aloise, Daniel and Deshpande, Amit and Hansen, Pierre and Popat, Preyas},
	journal={Machine Learning},
	volume={75},
	number={2},
	pages={245--248},
	year={2009},
	publisher={Springer}
}


@inproceedings{arora1998approximation,
	title={Approximation schemes for {E}uclidean k-medians and related problems},
	author={Arora, Sanjeev and Raghavan, Prabhakar and Rao, Satish},
	booktitle={Annual {ACM} Symposium on Theory of Computing (STOC)},
	year={1998}
}

@inproceedings{belkin2001laplacian,
	title={Laplacian eigenmaps and spectral techniques for embedding and clustering},
	author={Belkin, Mikhail and Niyogi, Partha},
	booktitle={Advances in Neural Information Processing Systems (NIPS)},
	year={2001}
}


@article{belkin2018understand,
  title={To understand deep learning we need to understand kernel learning},
  author={Belkin, Mikhail and Ma, Siyuan and Mandal, Soumik},
  journal={arXiv preprint arXiv:1802.01396},
  year={2018}
}
